@misc{engman2023evaluation,
  title={Evaluation of ChatGPT as a cybersecurity tool: An experimental CTF based approach},
  author={Engman, Max},
  year={2023}
}
@article{hariri2023unlocking,
  title={Unlocking the Potential of ChatGPT: A Comprehensive Exploration of its Applications, Advantages, Limitations, and Future Directions in Natural Language Processing},
  author={Hariri, Walid},
  journal={arXiv preprint arXiv:2304.02017},
  year={2023}
}
@article{deng2023pentestgpt,
  title={PentestGPT: An LLM-empowered Automatic Penetration Testing Tool},
  author={Deng, Gelei and Liu, Yi and Mayoral-Vilches, V{\'\i}ctor and Liu, Peng and Li, Yuekang and Xu, Yuan and Zhang, Tianwei and Liu, Yang and Pinzger, Martin and Rass, Stefan},
  journal={arXiv preprint arXiv:2308.06782},
  year={2023}
}
@mastersthesis{heim2023convergence,
  title={The Convergence of AI and Cybersecurity: An Examination of ChatGPT's Role in Penetration Testing and its Ethical and Legal Implications},
  author={Heim, Martin Plesner and Starckjohann, Noah and Torgersen, Morgan},
  type={{B.S.} thesis},
  year={2023},
  school={NTNU}
}
@inproceedings{applebaum2017analysis,
  title={Analysis of automated adversary emulation techniques},
  author={Applebaum, Andy and Miller, Doug and Strom, Blake and Foster, Henry and Thomas, Cody},
  booktitle={Proceedings of the Summer Simulation Multi-Conference},
  pages={1--12},
  year={2017}
}
@article{zhao2023survey,
  title={A survey of large language models},
  author={Zhao, Wayne Xin and Zhou, Kun and Li, Junyi and Tang, Tianyi and Wang, Xiaolei and Hou, Yupeng and Min, Yingqian and Zhang, Beichen and Zhang, Junjie and Dong, Zican and others},
  journal={arXiv preprint arXiv:2303.18223},
  year={2023}
}
@article{liu2023summary,
  title={Summary of chatgpt/gpt-4 research and perspective towards the future of large language models},
  author={Liu, Yiheng and Han, Tianle and Ma, Siyuan and Zhang, Jiayue and Yang, Yuanyuan and Tian, Jiaming and He, Hao and Li, Antong and He, Mengshen and Liu, Zhengliang and others},
  journal={arXiv preprint arXiv:2304.01852},
  year={2023}
}
@article{wei2022emergent,
  title={Emergent abilities of large language models},
  author={Wei, Jason and Tay, Yi and Bommasani, Rishi and Raffel, Colin and Zoph, Barret and Borgeaud, Sebastian and Yogatama, Dani and Bosma, Maarten and Zhou, Denny and Metzler, Donald and others},
  journal={arXiv preprint arXiv:2206.07682},
  year={2022}
}
@misc{hackthebox,
  title = {HackTheBox: hacking training for the best},
  howpublished = {\url{http://www.hackthebox.com/}},
}
@article{white2023prompt,
  title={A prompt pattern catalog to enhance prompt engineering with chatgpt},
  author={White, Jules and Fu, Quchen and Hays, Sam and Sandborn, Michael and Olea, Carlos and Gilbert, Henry and Elnashar, Ashraf and Spencer-Smith, Jesse and Schmidt, Douglas C},
  journal={arXiv preprint arXiv:2302.11382},
  year={2023}
}

@misc{ptes,
    title = {Penetration Testing Execution Standard},
    howpublished = {\url{http://www.pentest-standard.org/}},
}

@misc{releasenotes,
    title = {ChatGPT â€” Release Notes},
    howpublished = {\url{https://help.openai.com/en/articles/6825453-chatgpt-release-notes}},
}
